@article{blochl,
  title = {Projector augmented-wave method},
  author = {Blochl, P. E.},
  journal = {Phys. Rev. B},
  volume = {50},
  issue = {24},
  pages = {17953--17979},
  numpages = {0},
  year = {1994},
  month = {Dec},
  publisher = {American Physical Society},
  doi = {10.1103/PhysRevB.50.17953},
  url = {https://link.aps.org/doi/10.1103/PhysRevB.50.17953}
}

@article{lany,
  title = {Assessment of correction methods for the band-gap problem and for finite-size effects in supercell defect calculations: Case studies for ZnO and GaAs},
  author = {Lany, Stephan and Zunger, Alex},
  journal = {Phys. Rev. B},
  volume = {78},
  issue = {23},
  pages = {235104},
  numpages = {25},
  year = {2008},
  month = {Dec},
  publisher = {American Physical Society},
  doi = {10.1103/PhysRevB.78.235104},
  url = {https://link.aps.org/doi/10.1103/PhysRevB.78.235104}
}

@article{slides,
  title = {VASP: Plane waves, the PAW method, and the Selfconsistency cycle},
  author = {Martijn Marsman},
  year = {2011},
  month = {July},
  publisher = {University Vienna}
}

@article{PhysRevB.47.558,
  title = {Ab initio molecular dynamics for liquid metals},
  author = {Kresse, G. and Hafner, J.},
  journal = {Phys. Rev. B},
  volume = {47},
  issue = {1},
  pages = {558--561},
  numpages = {0},
  year = {1993},
  month = {Jan},
  publisher = {American Physical Society},
  doi = {10.1103/PhysRevB.47.558},
  url = {https://link.aps.org/doi/10.1103/PhysRevB.47.558}
}

@article{PhysRevB.49.14251,
  title = {Ab initio molecular-dynamics simulation of the liquid-metal-amorphous-semiconductor transition in germanium},
  author = {Kresse, G. and Hafner, J.},
  journal = {Phys. Rev. B},
  volume = {49},
  issue = {20},
  pages = {14251--14269},
  numpages = {0},
  year = {1994},
  month = {May},
  publisher = {American Physical Society},
  doi = {10.1103/PhysRevB.49.14251},
  url = {https://link.aps.org/doi/10.1103/PhysRevB.49.14251}
}

@article{KRESSE199615,
title = "Efficiency of ab-initio total energy calculations for metals and semiconductors using a plane-wave basis set",
journal = "Computational Materials Science",
volume = "6",
number = "1",
pages = "15 - 50",
year = "1996",
issn = "0927-0256",
doi = "https://doi.org/10.1016/0927-0256(96)00008-0",
url = "http://www.sciencedirect.com/science/article/pii/0927025696000080",
author = "G. Kresse and J. Furthm√ºller"
}

@article{PhysRevB.54.11169,
  title = {Efficient iterative schemes for ab initio total-energy calculations using a plane-wave basis set},
  author = {Kresse, G. and Furthm\"uller, J.},
  journal = {Phys. Rev. B},
  volume = {54},
  issue = {16},
  pages = {11169--11186},
  numpages = {0},
  year = {1996},
  month = {Oct},
  publisher = {American Physical Society},
  doi = {10.1103/PhysRevB.54.11169},
  url = {https://link.aps.org/doi/10.1103/PhysRevB.54.11169}
}

@article{kresse_joubert,
  title = {From ultrasoft pseudopotentials to the projector augmented-wave method},
  author = {Kresse, G. and Joubert, D.},
  journal = {Phys. Rev. B},
  volume = {59},
  issue = {3},
  pages = {1758--1775},
  numpages = {0},
  year = {1999},
  month = {Jan},
  publisher = {American Physical Society},
  doi = {10.1103/PhysRevB.59.1758},
  url = {https://link.aps.org/doi/10.1103/PhysRevB.59.1758}
}

@article{PhysRevLett.77.3865,
  title = {Generalized Gradient Approximation Made Simple},
  author = {Perdew, John P. and Burke, Kieron and Ernzerhof, Matthias},
  journal = {Phys. Rev. Lett.},
  volume = {77},
  issue = {18},
  pages = {3865--3868},
  numpages = {0},
  year = {1996},
  month = {Oct},
  publisher = {American Physical Society},
  doi = {10.1103/PhysRevLett.77.3865},
  url = {https://link.aps.org/doi/10.1103/PhysRevLett.77.3865}
}

@article{PhysRevLett.78.1396,
  title = {Generalized Gradient Approximation Made Simple [Phys. Rev. Lett. 77, 3865 (1996)]},
  author = {Perdew, John P. and Burke, Kieron and Ernzerhof, Matthias},
  journal = {Phys. Rev. Lett.},
  volume = {78},
  issue = {7},
  pages = {1396--1396},
  numpages = {0},
  year = {1997},
  month = {Feb},
  publisher = {American Physical Society},
  doi = {10.1103/PhysRevLett.78.1396},
  url = {https://link.aps.org/doi/10.1103/PhysRevLett.78.1396}
}

@article{TALMAN,
title = "NumSBT: A subroutine for calculating spherical Bessel transforms numerically",
journal = "Computer Physics Communications",
volume = "180",
number = "2",
pages = "332 - 338",
year = "2009",
issn = "0010-4655",
doi = "https://doi.org/10.1016/j.cpc.2008.10.003",
url = "http://www.sciencedirect.com/science/article/pii/S0010465508003329",
author = "J.D. Talman",
keywords = "Fourier transforms, Spherical Bessel functions, Hankel transforms"
}
